%
%  An example of a bibliographical database for bibTeX
%
%  Recommended software for maintenance of *.bib files:
%    JabRef, http://jabref.sourceforge.net/
%
%  BEWARE:
%
%    *  If a name contains a capital letter, which must be kept such,
%       use curly brackets ({T}hailand, {HIV}).
%
%  ===========================================================================

@inproceedings{SelfAdjustingTT,
 author = {Tarjan, Robert E. and Werneck, Renato F.},
 title = {{\bf Self-adjusting Top Trees}},
 booktitle = {Proceedings of the Sixteenth Annual ACM-SIAM Symposium on Discrete Algorithms},
 year = {2005},
 isbn = {0-89871-585-7},
 pages = {813--822},
 numpages = {10},
 url = {http://dl.acm.org/citation.cfm?id=1070432.1070547},
 publisher = {Society for Industrial and Applied Mathematics},
 address = {Philadelphia, PA, USA},
}

@article{TopTrees,
 author = {Alstrup, Stephen and Holm, Jacob and Lichtenberg, Kristian de and Thorup, Mikkel},
 title = {{\bf Maintaining Information in Fully Dynamic Trees with Top Trees}},
 journal = {ACM Trans. Algorithms},
 issue_date = {October 2005},
 volume = {1},
 number = {2},
 month = oct,
 year = {2005},
 issn = {1549-6325},
 pages = {243--264},
 numpages = {22},
 url = {http://doi.acm.org/10.1145/1103963.1103966},
 doi = {10.1145/1103963.1103966},
 acmid = {1103966},
 publisher = {ACM},
 address = {New York, NY, USA},
 keywords = {Fully dynamic forest},
}
